<collection xmlns="http://www.loc.gov/MARC21/slim">
<record>
  <leader>01536nam0a22002891i 450 </leader>
  <controlfield tag="001">IT\ICCU\CNCE\072222</controlfield>
  <controlfield tag="005">20170810000000.0</controlfield>
  <datafield tag="012" ind1=" " ind2=" ">
    <subfield code="a">erio a,on o,he ilgi (3) 1593 (R)</subfield>
    <subfield code="2">fei</subfield>
  </datafield>
  <datafield tag="100" ind1=" " ind2=" ">
    <subfield code="a">20071214d1593        0itac0103    ba</subfield>
  </datafield>
  <datafield tag="101" ind1=" " ind2=" ">
    <subfield code="a">ITA</subfield>
  </datafield>
  <datafield tag="102" ind1=" " ind2=" ">
    <subfield code="a">IT</subfield>
  </datafield>
  <datafield tag="200" ind1="1" ind2=" ">
    <subfield code="a">Ritratto della vita della Madonna, del molto r.p. Alfonso Vigliega, teologo, e predicatore. Traslatato dalla lingua spagnuola nella toscana, dal caualiere fra Giulio Zanchini da Castiglionchio</subfield>
  </datafield>
  <datafield tag="210" ind1=" " ind2=" ">
    <subfield code="a">In Firenze</subfield>
    <subfield code="c">per Domenico Manzani</subfield>
    <subfield code="d">1593</subfield>
    <subfield code="e">In Firenze</subfield>
    <subfield code="g">per Domenico Manzani</subfield>
  </datafield>
  <datafield tag="215" ind1=" " ind2=" ">
    <subfield code="a">\4!, 286, \2! p.</subfield>
    <subfield code="d">4ʻ</subfield>
  </datafield>
  <datafield tag="300" ind1=" " ind2=" ">
    <subfield code="a">Var. B: sul frontespizio marca tipografica in luogo dello stemma del dedicatario</subfield>
  </datafield>
  <datafield tag="620" ind1=" " ind2=" ">
    <subfield code="a">IT</subfield>
    <subfield code="d">Firenze</subfield>
  </datafield>
  <datafield tag="700" ind1=" " ind2="1">
    <subfield code="a">Villegas Selvago,</subfield>
    <subfield code="b">Alonso : de</subfield>
    <subfield code="3">IT\ICCU\CNCA\007065</subfield>
  </datafield>
  <datafield tag="702" ind1=" " ind2="1">
    <subfield code="a">Zanchini,</subfield>
    <subfield code="b">Giulio</subfield>
    <subfield code="3">IT\ICCU\CNCA\000249</subfield>
  </datafield>
  <datafield tag="712" ind1="0" ind2="0">
    <subfield code="a">Manzani, Domenico</subfield>
    <subfield code="3">IT\ICCU\CNCT\000050</subfield>
    <subfield code="4">650</subfield>
  </datafield>
  <datafield tag="790" ind1=" " ind2="1">
    <subfield code="a">Villegas,</subfield>
    <subfield code="b">Alonso : de</subfield>
    <subfield code="3">IT\ICCU\CNCA\015103</subfield>
    <subfield code="z">Villegas Selvago, Alonso : de</subfield>
  </datafield>
  <datafield tag="790" ind1=" " ind2="1">
    <subfield code="a">Villegas Selvago,</subfield>
    <subfield code="b">Alfonso : de</subfield>
    <subfield code="3">IT\ICCU\CNCA\025131</subfield>
    <subfield code="z">Villegas Selvago, Alonso : de</subfield>
  </datafield>
  <datafield tag="790" ind1=" " ind2="1">
    <subfield code="a">Villegas,</subfield>
    <subfield code="b">Alfonso</subfield>
    <subfield code="3">IT\ICCU\CNCA\025133</subfield>
    <subfield code="z">Villegas Selvago, Alonso : de</subfield>
  </datafield>
  <datafield tag="790" ind1=" " ind2="1">
    <subfield code="a">Zanchini,</subfield>
    <subfield code="b">Giulio : da#Castiglionchio</subfield>
    <subfield code="3">IT\ICCU\CNCA\015094</subfield>
    <subfield code="z">Zanchini, Giulio</subfield>
  </datafield>
  <datafield tag="801" ind1=" " ind2="3">
    <subfield code="a">IT</subfield>
    <subfield code="b">ICCU</subfield>
    <subfield code="c">20201115</subfield>
  </datafield>
  <datafield tag="899" ind1=" " ind2=" ">
    <subfield code="a">Biblioteca provinciale dei frati minori cappuccini. Bologna</subfield>
    <subfield code="1">BO0342</subfield>
    <subfield code="2">PBE 94</subfield>
  </datafield>
  <datafield tag="899" ind1=" " ind2=" ">
    <subfield code="a">Biblioteca universitaria. Padova</subfield>
    <subfield code="z">(Var. B) - MUTILO</subfield>
    <subfield code="1">PD0158</subfield>
    <subfield code="2">PUV 00</subfield>
  </datafield>
  <datafield tag="899" ind1=" " ind2=" ">
    <subfield code="a">Biblioteca nazionale centrale. Roma</subfield>
    <subfield code="z">(Var. A)</subfield>
    <subfield code="1">RM0267</subfield>
    <subfield code="2">BVE CR</subfield>
  </datafield>
</record>
</collection>
